<record><leader>00000cas a22000007a 4500</leader><controlfield tag="001">18033936</controlfield><controlfield tag="008">880602d19882003nmuwr ne      0    0eng d</controlfield><datafield ind1=" " ind2=" " tag="010"><subfield code="a">sn 93061575 </subfield></datafield><datafield ind1=" " ind2=" " tag="040"><subfield code="a">IQU</subfield><subfield code="b">eng</subfield><subfield code="c">IQU</subfield><subfield code="d">NVM</subfield><subfield code="d">OCLCQ</subfield><subfield code="d">NSD</subfield><subfield code="d">OCLCQ</subfield><subfield code="d">OCLCO</subfield></datafield><datafield ind1="1" ind2=" " tag="029"><subfield code="a">AU@</subfield><subfield code="b">000020724287</subfield></datafield><datafield ind1=" " ind2=" " tag="042"><subfield code="a">msc</subfield></datafield><datafield ind1=" " ind2=" " tag="043"><subfield code="a">n-us-nm</subfield></datafield><datafield ind1=" " ind2=" " tag="090"><subfield code="a">AN2</subfield><subfield code="b">.E14</subfield></datafield><datafield ind1="0" ind2="0" tag="245"><subfield code="a">East Mountain telegraph.</subfield></datafield><datafield ind1=" " ind2=" " tag="260"><subfield code="a">Tijeras, N.M. :</subfield><subfield code="b">Pin&#771;on Review</subfield></datafield><datafield ind1=" " ind2=" " tag="300"><subfield code="a">v.</subfield></datafield><datafield ind1=" " ind2=" " tag="310"><subfield code="a">Weekly,</subfield><subfield code="b">Nov. 1, 1992-</subfield></datafield><datafield ind1=" " ind2=" " tag="321"><subfield code="a">Biweekly,</subfield><subfield code="b">1988-Oct. 1992</subfield></datafield><datafield ind1="0" ind2=" " tag="362"><subfield code="a">Vol. 1, no. 1 (Jan. 12, 1988)-</subfield></datafield><datafield ind1=" " ind2=" " tag="500"><subfield code="a">Published in Cedar Crest, N.M., Aug. 6, 1992-</subfield></datafield><datafield ind1=" " ind2=" " tag="515"><subfield code="a">Vol. 1, no. 2 erroneously marked Vol. 1, no. 1.</subfield></datafield><datafield ind1=" " ind2=" " tag="580"><subfield code="a">Merged with Mountain view journal, to form: Mountain view telegraph.</subfield></datafield><datafield ind1=" " ind2="0" tag="651"><subfield code="a">Tijeras (N.M.)</subfield><subfield code="v">Newspapers.</subfield></datafield><datafield ind1=" " ind2="0" tag="651"><subfield code="a">Cedar Crest (N.M.)</subfield><subfield code="v">Newspapers.</subfield></datafield><datafield ind1=" " ind2="0" tag="651"><subfield code="a">Bernalillo County (N.M.)</subfield><subfield code="v">Newspapers.</subfield></datafield><datafield ind1=" " ind2=" " tag="752"><subfield code="a">United States</subfield><subfield code="b">New Mexico</subfield><subfield code="c">Bernalillo</subfield><subfield code="d">Cedar Crest.</subfield></datafield><datafield ind1="1" ind2="7" tag="785"><subfield code="t">Mountain view journal</subfield><subfield code="x">1529-0166</subfield><subfield code="w">(DLC)   00212273</subfield></datafield><datafield ind1="1" ind2="7" tag="785"><subfield code="t">Mountain view telegraph</subfield><subfield code="x">1545-9543</subfield><subfield code="w">(DLC)  2003214994</subfield></datafield></record>